@BOOK{melissa:1,
AUTHOR="melissa Yang",
TITLE="THE REFERENCE ARTICLE",
PUBLISHER="NONE",
YEAR="2018",
}